@article{bilmes1998gentle,
  title={A gentle tutorial of the EM algorithm and its application to parameter estimation for Gaussian mixture and hidden Markov models},
  author={Bilmes, Jeff A and others},
  year={1998}
}

@article{chen2010demystified,
  title={Em demystified: An expectation-maximization tutorial},
  author={Chen, Yihua and Gupta, Maya R},
  journal={University of Washington},
  year={2010}
}
