@article{greenwade93,
    author  = "George D. Greenwade",
    title   = "The {C}omprehensive {T}ex {A}rchive {N}etwork ({CTAN})",
    year    = "1993",
    journal = "TUGBoat",
    volume  = "14",
    number  = "3",
    pages   = "342--351"
}

@misc{ wiki:Ray_tracing_(graphics),
   author = "Wikipedia",
   title = "{Ray tracing (graphics)} --- {W}ikipedia{,} The Free Encyclopedia",
   year = "2014",
   howpublished = {\url{http://en.wikipedia.org/w/index.php?title=Ray%20tracing%20(graphics)&oldid=589687998}},
   note = "[Online; accessed 28-January-2014]"
 }

@article{doi:10.1080/10867651.2003.10487593,
author = {Platis, Nikos and Theoharis, Theoharis},
title = {Fast Ray-Tetrahedron Intersection Using Plucker Coordinates},
journal = {Journal of Graphics Tools},
volume = {8},
number = {4},
pages = {37-48},
year = {2003},
doi = {10.1080/10867651.2003.10487593},

URL = {http://www.tandfonline.com/doi/abs/10.1080/10867651.2003.10487593},
eprint = {http://www.tandfonline.com/doi/pdf/10.1080/10867651.2003.10487593}
}

@Manual{ublas, 
  title =        {BOOST C++ Libraries}, 
  note =         {\texttt{http://www.boost.org}}, 
  url =          {http://www.boost.org/doc/libs/1_55_0b1/libs/numeric/ublas/doc/index.htm} 
} 