Query Results from the ADS Database


Retrieved 1 abstracts, starting with number 1.  Total number selected: 1.

@ARTICLE{2009PhRvL.102d0501M,
   author = {{Monz}, T. and {Kim}, K. and {H{\"a}nsel}, W. and {Riebe}, M. and 
	{Villar}, A.~S. and {Schindler}, P. and {Chwalla}, M. and {Hennrich}, M. and 
	{Blatt}, R.},
    title = "{Realization of the Quantum Toffoli Gate with Trapped Ions}",
  journal = {Physical Review Letters},
archivePrefix = "arXiv",
   eprint = {0804.0082},
 primaryClass = "quant-ph",
 keywords = {Quantum computation, Coherent control of atomic interactions with photons, Ion trapping},
     year = 2009,
    month = jan,
   volume = 102,
   number = 4,
      eid = {040501},
    pages = {040501},
      doi = {10.1103/PhysRevLett.102.040501},
   adsurl = {http://adsabs.harvard.edu/abs/2009PhRvL.102d0501M},
  adsnote = {Provided by the SAO/NASA Astrophysics Data System}
}

@INPROCEEDINGS{5558424,
author={Mohammad Nejad, S. and Mehmandoost, M.},
booktitle={Mechanical and Electronics Engineering (ICMEE), 2010 2nd International Conference on},
title={Realization of quantum Hadamard gate by applying optimal control fields to a spin qubit},
year={2010},
month={Aug},
volume={2},
pages={V2-292-V2-296},
keywords={Schrodinger equation;gradient methods;optimal control;quantum gates;Schrodinger equation;optimal control field;quantum hadamard gate;quantum information science;solid state spin qubit;two level quantum mechanical system;Logic gates;gradient methods;optimal control theory;quantum Hadamard gate;solid state spin qubits},
doi={10.1109/ICMEE.2010.5558424},}


@inproceedings{ramakrishnan2009photonic,
  title={Photonic crystal based quantum Hadamard gate},
  author={Ramakrishnan, Rohit K and Talabatulla, Srinivas},
  booktitle={SPIE Photonic Devices+ Applications},
  pages={74200R--74200R},
  year={2009},
  publisher={SPIE Photonic},
  address={.},
  organization={International Society for Optics and Photonics}
}

@book{Nielsen:2011:QCQ:1972505,
 author = {Nielsen, Michael A. and Chuang, Isaac L.},
 title = {Quantum Computation and Quantum Information: 10th Anniversary Edition},
 year = {2011},
 isbn = {1107002176, 9781107002173},
 edition = {10th},
 publisher = {Cambridge University Press},
 address = {New York, NY, USA},
} 

@article{de2002quantum,
  title={Quantum communication and complexity},
  author={De Wolf, Ronald},
  journal={Theoretical Computer Science},
  volume={287},
  number={1},
  pages={337--353},
  year={2002},
  publisher={Elsevier}
}

@ARTICLE{2012NatSR...2E.260L,
   author = {{Li}, J. and {Peng}, X. and {Du}, J. and {Suter}, D.},
    title = "{An Efficient Exact Quantum Algorithm for the Integer Square-free Decomposition Problem}",
  journal = {Scientific Reports},
archivePrefix = "arXiv",
   eprint = {1108.5848},
 primaryClass = "quant-ph",
     year = 2012,
    month = feb,
   volume = 2,
      eid = {260},
    pages = {260},
      doi = {10.1038/srep00260},
   adsurl = {http://adsabs.harvard.edu/abs/2012NatSR...2E.260L},
  adsnote = {Provided by the SAO/NASA Astrophysics Data System}
}

@INPROCEEDINGS{Okamoto98anew,
    author = {Tatsuaki Okamoto and Shigenori Uchiyama},
    title = {A new public-key cryptosystem as secure as factoring},
    booktitle = {In Eurocrypt '98, LNCS 1403},
    year = {1998},
    pages = {308--318},
    publisher = {Springer-Verlag}
}

@article{li2012efficient,
  title={An efficient exact quantum algorithm for the integer square-free decomposition problem},
  author={Li, Jun and Peng, Xinhua and Du, Jiangfeng and Suter, Dieter},
  journal={Scientific reports},
  volume={2},
  year={2012},
  publisher={Nature Publishing Group}
}

